<?xml version="1.0" encoding="UTF-8"?><collection xmlns="http://www.loc.gov/MARC21/slim"><record><leader>00563nam--2200181-i-4500</leader><controlfield tag="001">000014035</controlfield><controlfield tag="002">20161230</controlfield><controlfield tag="005">20161230201030</controlfield><controlfield tag="008">060222s1000------------r-----000-0-fre-d</controlfield><datafield ind1=" " ind2=" " tag="040"><subfield code="a">IFIN-HH</subfield></datafield><datafield ind1=" " ind2=" " tag="041"><subfield code="a">fre</subfield></datafield><datafield ind1=" " ind2=" " tag="080"><subfield code="a">519.216.8(043)</subfield></datafield><datafield ind1="1" ind2=" " tag="100"><subfield code="a">Decamp, Erik</subfield></datafield><datafield ind1="1" ind2="0" tag="245"><subfield code="a">Caracterisation des espaces bmo de martingales dyadiques a deux indices, et de de fonctions biharmoniques sur r2 + r2. these</subfield><subfield code="c">Erik Decamp</subfield></datafield><datafield ind1=" " ind2=" " tag="260"><subfield code="a">Grenoble, Universite Scientifique Et Medicale, 1979</subfield></datafield><datafield ind1=" " ind2=" " tag="300"><subfield code="a">62 P</subfield></datafield><datafield ind1=" " ind2=" " tag="852"><subfield code="a">49646</subfield><subfield code="c">519.2</subfield></datafield><datafield ind1=" " ind2=" " tag="CAT"><subfield code="a">Sys</subfield><subfield code="c">20100608</subfield><subfield code="h">103404</subfield></datafield></record></collection>